
@article{donthu2021,
	title = {How to conduct a bibliometric analysis: An overview and guidelines},
	author = {Donthu, Naveen and Kumar, Satish and Mukherjee, Debmalya and Pandey, Nitesh and Lim, Weng Marc},
	year = {2021},
	month = {09},
	date = {2021-09},
	journal = {Journal of Business Research},
	pages = {285--296},
	volume = {133},
	doi = {10.1016/j.jbusres.2021.04.070},
	url = {https://linkinghub.elsevier.com/retrieve/pii/S0148296321003155},
	langid = {en}
}

@article{ellegaard2015,
	title = {The bibliometric analysis of scholarly production: How great is the impact?},
	author = {Ellegaard, Ole and Wallin, Johan A.},
	year = {2015},
	month = {12},
	date = {2015-12-01},
	journal = {Scientometrics},
	pages = {1809{\textendash}1831},
	volume = {105},
	number = {3},
	doi = {10.1007/s11192-015-1645-z},
	url = {https://doi.org/10.1007/s11192-015-1645-z},
	note = {Citation Key: ellegaard2015},
	langid = {en}
}

@article{Aria2017,
	title = {bibliometrix: An R-tool for comprehensive science mapping analysis},
	author = {Aria, Massimo and Cuccurullo, Corrado},
	year = {2017},
	month = {11},
	date = {2017-11},
	journal = {Journal of Informetrics},
	pages = {959{\textendash}975},
	volume = {11},
	number = {4},
	doi = {10.1016/j.joi.2017.08.007},
	note = {Citation Key: Aria2017}
}

@article{bornmann2015,
	title = {Growth rates of modern science: A bibliometric analysis based on the number of publications and cited references},
	author = {Bornmann, Lutz and Mutz, {RÃ¼diger}},
	year = {2015},
	date = {2015},
	journal = {Journal of the Association for Information Science and Technology},
	pages = {2215--2222},
	volume = {66},
	number = {11},
	doi = {10.1002/asi.23329},
	url = {https://onlinelibrary.wiley.com/doi/abs/10.1002/asi.23329},
	note = {{\_}eprint: https://onlinelibrary.wiley.com/doi/pdf/10.1002/asi.23329},
	langid = {en}
}
